<?xml version="1.0" encoding="UTF-8"?><collection xmlns="http://www.loc.gov/MARC21/slim"><record><leader>00528nam--2200133-i-4500</leader><controlfield tag="001">000020021</controlfield><controlfield tag="002">20161230</controlfield><controlfield tag="005">20161230201033</controlfield><controlfield tag="008">060222s1000------------r-----000-0-eng-d</controlfield><datafield ind1=" " ind2=" " tag="080"><subfield code="a">502:621.042:620.91</subfield></datafield><datafield ind1=" " ind2=" " tag="245"><subfield code="a">Energy conservation:technology,economics and policy.proceedings of the symposium with international participation on  energy conservation and international cooperation march,24-26, 1981 bucharest, romania</subfield></datafield><datafield ind1=" " ind2=" " tag="260"><subfield code="a">Bucharest, Academy Of Economic Studies, 1982. 320 P</subfield></datafield><datafield ind1=" " ind2=" " tag="700"><subfield code="a">Preda,Gheorghe.M</subfield></datafield><datafield ind1=" " ind2=" " tag="852"><subfield code="a">70562</subfield></datafield></record></collection>